@misc{mitre-custom-c2,
 author = {Mitre\ Att\&ck},
 title = {Custom Command and Control Protocol},
 howpublished = {https://attack.mitre.org{\slash}techniques{\slash}T1094{\slash}},
 note = {(accessed at 2020-1-28)}
}
@misc{rfc1034,
 author = {Paul Mockapetris},
 title = {Domain names - concepts and facilities},
 series = {STD},
 number = {13},
 series = {RFC},
 number = {1034},
 note = {RFC1034},
 publisher = {RFC Editor},
 year = {1987},
 month = {November},
 howpublished = {https://www.rfc-editor.org{\slash}info{\slash}std13}
}
@misc{rfc1035,
 author = {Paul Mockapetris},
 title = {Domain names - implementation and specification},
 series = {STD},
 number = {13},
 series = {RFC},
 number = {1035},
 note = {RFC1035},
 publisher = {RFC Editor},
 year = {1987},
 month = {November},
 howpublished = {https://www.rfc-editor.org/info/std13}
}
@misc{rfc4033,
 author = {R. Arends and R. Austein and M. Larson and D. Massey and S. Rose},
 title = {DNS Security Introduction and Requirements},
 series = {RFC},
 number = {4033},
 note = {RFC4033},
 publisher = {RFC Editor},
 year = {2005},
 month = {March},
 howpublished = {https://www.rfc-editor.org/info/rfc4033}
}
@misc{rfc4648,
 author = {S. Josefsson},
 title = {The Base16, Base32, and Base64 Data Encodings},
 series = {RFC},
 number = {4648},
 note = {RFC4648},
 publisher = {RFC Editor},
 year = {2006},
 month = {October},
 howpublished = {https://www.rfc-editor.org/info/rfc4648}
}
@misc{idn,
  author = {J. Klensin},
	title = {Internationalized Domain Names for Applications (IDNA): Definitions and Document Framework},
	series = {RFC},
	number = {5890},
	note = {RFC5890},
	publisher = {RFC Editor},
	year = {2010},
	month = {August},
	howpublished = {https://www.rfc-editor.org/info/rfc5890}
}
@misc{covertchannle,
 author = {ICANN},
 title = {What Is an Internet Covert Channel?},
 year = {2016},
 month = {August},
 howpublished = {https://www.icann.org{\slash}news{\slash}blog{\slash}what-is-an-internet-covert-channel},
 note = {(accessed at 2020-1-28)}
}
@misc{rfc7626,
 author = {S. Bortzmeyer},
 title = {DNS Privacy Considerations},
 series = {RFC},
 number = {7626},
 note = {RFC7626},
 publisher = {RFC Editor},
 year = {2015},
 month = {August},
 howpublished = {https://www.rfc-editor.org/info/rfc7626}
}
@misc{frameworkpos,
 author = {KrebsonSecurity},
 title = {Deconstructing the 2014 Sally Beauty Breach},
 year = {2015},
 month = {May},
 howpublished = {https://krebsonsecurity.com{\slash}2015{\slash}05{\slash}deconstructing-the-2014-sally-beauty-breach{\slash}},
 note = {(accessed at 2020-1-28)}
}
@misc{bondupdater,
 author = {IronNet},
 title = {Chirp of the PoisonFrog},
 year = {2019},
 month = {February},
 howpublished = {https://ironnet.com/blog/chirp-of-the-poisonfrog/},
 note = {(accessed at 2020-1-28)}
}
@misc{bernhardpos,
 author = {Nick Hoffman},
 title = {BernhardPOS},
 year = {2015},
 month = {July},
 howpublished = {https://securitykitten.github.io{\slash}2015{\slash}07{\slash}14{\slash}bernhardpos.html},
 note = {(accessed at 2020-1-28)}
}
@misc{multigrainpos,
 author = {FireEye},
 title = {MULTIGRAIN – Point of Sale Attackers Make an Unhealthy Addition to the Pantry},
 year = {2016},
 month = {April},
 howpublished = {https://www.fieeye.com{\slash}blog{\slash}threat-research{\slash}2016{\slash}04{\slash}multigrain\_pointo.html},
 note = {(accessed at 2019-11-30)}
}
@misc{pisloader,
 author = {Palo alto Networks},
 title = {New Wekby Attacks Use DNS Requests As Command and Control Mechanism},
 year = {2016},
 month = {May},
 howpublished = {https://unit42.paloaltonetworks.com{\slash}unit42-new-wekby-attacks-use-dns-requests-as-command-and-control-mechanism{\slash}},
 note = {(accessed at 2019-11-30)}
}
@misc{denis,
 author = {Kaspersky},
 title = {Use of DNS Tunneling for C\&C Communications},
 month = {April},
 year = {2017},
 howpublished = {https://securelist.com{\slash}use-of-dns-tunneling-for-cc-communications{\slash}78203{\slash}},
 note = {(accessed at 2019-11-30)}
}
@misc{dnsmessenger,
 author = {CISCO Talos},
 title = {Spoofed SEC Emails Distribute Evolved DNSMessenger},
 month = {October},
 year = {2017},
 howpublished = {https://blog.talosintelligence.com{\slash}2017{\slash}10{\slash}dnsmessenger-sec-campaign.html},
 note = {(accessed at 2019-11-30)}
}
@misc{udpos,
 author = {Cylance},
 title = {Threat Spotlight: Inside UDPoS Malware},
 month = {Feburary},
 year= {2018},
 howpublished = {https://threatvector.cylance.com{\slash}en\_us{\slash}home{\slash}threat-spotlight-inside-udpos-malware.html},
 note = {(accessed at 2019-11-30)}
}
@inproceedings {vern,
author = {Vern Paxson and Mihai Christodorescu and Mobin Javed and Josyula Rao and Reiner Sailer and Douglas Lee Schales and Mark Stoecklin and Kurt Thomas and Wietse Venema and Nicholas Weaver},
title = {Practical Comprehensive Bounds on Surreptitious Communication over {DNS}},
booktitle = {Presented as part of the 22nd {USENIX} Security Symposium ({USENIX} Security 13)},
year = {2013},
isbn = {978-1-931971-03-4},
address = {Washington, D.C.},
pages = {17--32},
url = {https://www.usenix.org/conference/usenixsecurity13/technical-sessions/presentation/paxson},
publisher = {{USENIX}},
}
@inproceedings{born,
 author = {Born, Kenton and Gustafson, David},
 title = {NgViz: Detecting DNS Tunnels through n-Gram Visualization and Quantitative Analysis},
 year = {2010},
 isbn = {9781450300179},
 publisher = {Association for Computing Machinery},
 address = {New York, NY, USA},
 howpublished = {https://doi.org/10.1145/1852666.1852718},
 doi = {10.1145/1852666.1852718},
 booktitle = {Proceedings of the Sixth Annual Workshop on Cyber Security and Information Intelligence Research},
 pages = {4},
 keywords = {character frequency analysis, network traffic analysis, DNS, anomaly detection, visualization, tunnel detection},
 location = {Oak Ridge, Tennessee, USA},
 series = {CSIIRW ’10}
}
@InProceedings{nuojua,
 author = {Nuojua, Viivi and David, Gil and H{\"a}m{\"a}l{\"a}inen, Timo},
 editor = {Galinina, Olga and Andreev, Sergey and Balandin, Sergey and Koucheryavy, Yevgeni},
 title = {DNS Tunneling Detection Techniques -- Classification, and Theoretical Comparison in Case of a Real APT Campaign},
 booktitle = {Internet of Things, Smart Spaces, and Next Generation Networks and Systems},
 year = 2017,
 publisher = {Springer International Publishing},
 address = {Cham},
 pages = {280--291},
 isbn = {978-3-319-67380-6}
}
@article{cheng,
title = {A Bigram based Real Time DNS Tunnel Detection Approach},
journal = {Procedia Computer Science},
volume = {17},
pages = {852 - 860},
year = {2013},
note = {First International Conference on Information Technology and Quantitative Management},
issn = {1877-0509},
doi = {https://doi.org/10.1016/j.procs.2013.05.109},
howpublished = {http://www.sciencedirect.com{\slash}science{\slash}article{\slash}pii{\slash}S1877050913002421},
author = {Cheng Qi and Xiaojun Chen and Cui Xu and Jinqiao Shi and Peipeng Liu},
keywords = {DNS Tunnel, Zipf’ law, N-Gram, Score Mechanisim},
}
@misc{tatang,
 title={A Study of Newly Observed Hostnames and DNS Tunneling in the Wild},
 author={Dennis Tatang and Florian Quinkert and Nico Dolecki and Thorsten Holz},
 year={2019},
 eprint={1902.08454},
 archivePrefix={arXiv},
 primaryClass={cs.CR}
}
@inproceedings{liu,
 author={J. {Liu} and S. {Li} and Y. {Zhang} and J. {Xiao} and P. {Chang} and C. {Peng}},
 booktitle={2017 IEEE Trustcom/BigDataSE/ICESS},
 title={Detecting DNS Tunnel through Binary-Classification Based on Behavior Features},
 year={2017},
 volume={},
 number={},
 pages={339-346},
 keywords={decision trees;firewalls;Internet;pattern classification;regression analysis;support vector machines;telecommunication traffic;DNS tunnel detection;binary-classification;behavior features;Internet covert channel;malicious activities detection;DNS packets;DNS traffic;firewalls;recursive DNS;tunnel identification;time-interval features;request packet size features;record type features;subdomain entropy features;support vector machine;decision tree;logistical regression;Feature extraction;Tools;Servers;IP networks;Encoding;Entropy;Training;DNS tunnel;time-interval;request packet size;record type},
 doi={10.1109/Trustcom/BigDataSE/ICESS.2017.256},
 ISSN={2324-9013},
 month={Aug}
}
@inproceedings{asaf,
 title = {Detection of malicious and low throughput data exfiltration over the DNS protocol},
 booktitle = {Computers and Security},
 volume = {80},
 pages = {36 - 53},
 year = {2019},
 issn = {0167-4048},
 doi = {https://doi.org/10.1016/j.cose.2018.09.006},
 url = {http://www.sciencedirect.com/science/article/pii/S0167404818304000},
 author = {Asaf Nadler and Avi Aminov and Asaf Shabtai},
}
@inproceedings{steadman,
 author={J. {Steadman} and S. {Scott-Hayward}},
 booktitle={2018 IEEE Conference on Network Function Virtualization and Software Defined Networks (NFV-SDN)},
 title={DNSxD: Detecting Data Exfiltration Over DNS},
 year={2018},
 volume={},
 number={},
 pages={1-6},
 keywords={computer network security;DNS-based data exfiltration;DNS data exfiltration detection;domain name system protocol;exfiltration detection mechanisms;DNS data exfiltration attacks;Servers;Tools;Protocols;Computer crime;Feature extraction;Conferences},
 doi={10.1109/NFV-SDN.2018.8725640},
 ISSN={null},
 month={November},
}
@article{jawad,
 author={J. {Ahmed} and H. H. {Gharakheili} and Q. {Raza} and C. {Russell} and V. {Sivaraman}},
 journal={IEEE Transactions on Network and Service Management},
 title={Monitoring Enterprise DNS Queries for Detecting Data Exfiltration from Internal Hosts},
 year={2019},
 volume={},
 number={},
 pages={1-1},
 keywords={Malware;Organizations;Real-time systems;Tunneling;Tools;Credit cards;Command and control systems;DNS;Enterprise;Exfiltration;Anomaly Detection.},
 doi={10.1109/TNSM.2019.2940735},
 ISSN={2373-7379},
 month={}
}
@InProceedings{cox,
author={Cox Russ and Muthitacharoen Athicha and Morris, Robert T},
title={Serving DNS Using a Peer-to-Peer Lookup Service},
booktitle={Peer-to-Peer Systems},
year={2002},
publisher={Springer Berlin Heidelberg},
pages={155-165},
isbn={978-3-540-45748-0}
}
@conference{dhash,
author={Frank Dabek and M. Frans Kaashoek and David Karger and Robert Morris and Ion Stoica},
title={Wide-area cooperative storage with CFS},
year={2001},
month={October},
publisher={Association for Computing Machinery},
address={New York, United States},
booktitle={SOSP01: 18th Symposium on Operating System Principles}
}
@article{p_donas,
author={P. {Danielis} and V. {Altmann} and J. {Skodzik} and T. {Wegner} and A. {Koerner} and D. {Timmermann}},
journal={ACM Transactions on Internet Technology (TOIT)},
title={P-DONAS: A P2P-Based Domain Name System in Access Networks},
year={2015},
volume={15},
number={3},
pages={1-21},
keywords={Domain name system;embedded systems;network architectures;peer-to-peer},
doi={10.1145/2808229},
ISSN={1557-6051},
month={September}
}
@inproceedings{yiting,
author={Y. {Song} and K. {Koyanagi}},
booktitle={2011 IEEE International Conference on Computer Science and Automation Engineering},
title={Study on a hybrid P2P based DNS},
year={2011},
volume={4},
number={},
pages={152-155},
keywords={file organisation;Internet;peer-to-peer computing;tree data structures;hybrid P2P based DNS;domain name system;peer to peer network;hierarchical tree structure;distributed hash table;DHT network;Peer to peer computing;Servers;Robustness;Internet;Domain Name System;Proposals;Fingers;DNS;P2P;DHT;Chord;efficiency;robustness},
doi={10.1109/CSAE.2011.5952823},
ISSN={null},
month={June},
}
@InProceedings{gns,
author={Wachs Matthias and Schanzenbach Martin and Grothoff Christian},
editor={Gritzalis, Dimitris and Kiayias, Aggelos and Askoxylakis, Ioannis},
title={A Censorship-Resistant, Privacy-Enhancing and Fully Decentralized Name System},
booktitle={Cryptology and Network Security},
year={2014},
publisher={Springer International Publishing},
address={Cham},
pages={127-142},
}
@misc{dan-kaminsky,
 author = {Dan Kaminsky},
 title = {Reverse DNS Tunneling Staged Loading Shellcode},
 howpublished = {https://www.blackhat.com{\slash}presentations{\slash}bh-usa-08{\slash}Miller{\slash}BH\_US\_08\_Ty\_Miller\_Reverse\_DNS\_Tunneling\_Shellcode.pdf},
 note = {(accessed at 2020-1-28)}
}
@misc{maarten,
 author = {Maarten Van Horenbeeck},
 title = {DNS Tunneling},
 howpublished = {http://web.archive.org{\slash}web{\slash}20060709044338{\slash}www.daemon.be{\slash}maarten{\slash}dnstunnel.html},
 note = {(accessed at 2020-1-28)}
}
@misc{morishita,
 author = {森下泰宏 and 尾崎勝義},
 title = {DNS運用の「見抜く」を探る～インシデント事例の紹介と必要な要素・項目～ランチのおともにDNS},
 howpublished = {https://jprs.jp/tech/material/iw2016-lunch-L3-01.pdf},
 note = {(accessed at 2020-1-28)}
}
@article{Herrymann,
 author = {Herrmann, Dominik and Banse, Christian and Federrath, Hannes},
 title = {Behavior-Based Tracking: Exploiting Characteristic Patterns in DNS Traffic},
 year = {2013},
 month = {November},
 publisher = {Elsevier Advanced Technology Publications},
 address = {GBR},
 volume = {39},
 issn = {0167-4048},
 url = {https://doi.org/10.1016/j.cose.2013.03.012},
 doi = {10.1016/j.cose.2013.03.012},
 journal = {Comput. Secur.},
 month = {November},
 pages = {17–33},
 keywords = {Unlinkability, DNS, Anonymity, Tracking, Range queries, Privacy, Pseudonymization, Data mining}
}
@misc{ozymandns,
 author = {Dan Kaminsky},
 title = {OzymanDNS},
 howpublished = {https://dankaminsky.com{\slash}2004{\slash}07{\slash}29{\slash}51{\slash}},
 note = {(accessed at 2020-1-28)}
}
@misc{heyoka,
 author = {Alberto Revelli and Nico Leidecker},
 title = {Heyoka},
 howpublished = {http://heyoka.sourceforge.net/},
 note = {(accessed at 2020-1-28)}
}
@misc{iodine,
 author = {Erik Ekman},
 title = {iodine},
 howpublished = {http://code.kryo.se/iodine/},
 note = {(accessed at 2020-1-28)}
}
@misc{dnscat2,
 author = {Ron Bowes},
 title = {dnscat2},
 howpublished = {https://github.com/iagox86/dnscat2},
 note = {(accessed at 2020-1-28)}
}
@misc{tcp-over-dns,
 author = {Tim},
 title = {TCP-over-DNS},
 howpublished = {http://analogbit.com/software/tcp-over-dns/},
 note = {(accessed at 2020-1-28)}
}
@misc{dnscat,
 author = {Ron Bowes},
 title = {dnscat},
 howpublished = {https://wiki.skullsecurity.org/Dnscat},
 note = {(accessed at 2020-1-28)}
}
@misc{denise,
 author = {Maximillian Dornseif},
 title = {DeNiSe},
 howpublished = {https://github.com/mdornseif/DeNiSe},
 note = {(accessed at 2020-1-28)}
}
@misc{dns-shell,
 author = {SensePost},
 title = {DNS-shell},
 howpublished = {https://github.com/sensepost/DNS-Shell},
 note = {(accessed at 2020-1-28)}
}
@misc{dnsbotnet,
 author = {Sturt},
 title = {DNSBotnet},
 howpublished = {https://github.com/magisterquis/dnsbotnet},
 note = {(accessed at 2020-1-28)}
}
@misc{dnscapy,
 author = {Federico Ceratto},
 title = {DNScapy},
 howpublished = {https://github.com/FedericoCeratto/dnscapy},
 note = {(accessed at 2020-1-28)}
}
@misc{dohtunnel,
 author = {iceman},
 title = {dohtunnel},
 howpublished = {https://github.com{\slash}jansect{\slash}dohtunnel{\slash}blob{\slash}master{\slash}doh{\slash}doh.go},
 note = {(accessed at 2020-1-28)}
}
@misc{godoh,
 author = {SensePost},
 title = {goDoH},
 howpublished = {https://github.com/sensepost/goDoH},
 note = {(accessed at 2020-1-28)}
}
@misc{dohc2,
 author = {SpiderLabs},
 title = {DoHC2},
 howpublished = {https://github.com/SpiderLabs/DoHC2},
 note = {(accessed at 2020-1-28)}
}
@misc{magictunnelandroid,
 author = {MagicTunnel},
 title = {magicTunnelAndroid},
 howpublished = {https://github.com{\slash}MagicTunnelM{\slash}agicTunnelAndroid},
 note = {(accessed at 2020-1-28)}
}
@misc{dns2tcp,
 title = {dns2tcp},
 howpublished = {https://github.com/alex-sector/dns2tcp},
 note = {(accessed at 2020-1-28)}
}
@misc{tuns,
 author = {Lucas Nussbaum},
 title = {TUNS},
 howpublished = {https://github.com/lnussbaum/tuns},
 note = {(accessed at 2020-1-28)}
}
@article{Ramasubramanian,
 author = {Ramasubramanian, Venugopalan and Sirer, Emin G\"{u}n},
 title = {The Design and Implementation of a next Generation Name Service for the Internet},
 year = {2004},
 publisher = {Association for Computing Machinery},
 address = {New York, NY, USA},
 volume = {34},
 number = {4},
 issn = {0146-4833},
 howpublished = {https://doi.org/10.1145/1030194.1015504},
 doi = {10.1145/1030194.1015504},
 journal = {SIGCOMM Comput. Commun. Rev.},
 month = {August},
 pages = {331–342},
 keywords = {proactive caching, peer to peer, DNS}
}
@article{Danielis,
 author={P. {Danielis} and V. {Altmann} and J. {Skodzik} and T. {Wegner} and A. {Koerner} and D. {Timmermann}},
 journal={ACM Transactions on Internet Technology (TOIT)},
 title={P-DONAS: A P2P-Based Domain Name System in Access Networks},
 year={2015},
 volume={15},
 number={3},
 pages={1-21},
 keywords={Domain name system;embedded systems;network architectures;peer-to-peer},
 doi={10.1145/2808229},
 ISSN={1557-6051},
 month={September},
}
@misc{namecoin,
 title = {Namecoin},
 howpublished = {https://www.namecoin.org/},
 note = {(accessed at 2019-12-30)}
}
@misc{nmap,
 author = {Oskar Pearson},
 title = {Bugtraq mailing list archives DNS Tunnel - through bastion hosts},
 howpublished = {https://seclists.org/bugtraq/1998/Apr/79},
 note = {(accessed at 2019-1-4)}
}
@techreport{irtf-icnrg-nrs-requirements-03,
	number =	{draft-irtf-icnrg-nrs-requirements-03},
	type =		{Internet-Draft},
	institution =	{Internet Engineering Task Force},
	publisher =	{Internet Engineering Task Force},
	note =		{Work in Progress},
	url =		{https://datatracker.ietf.org/doc/html/draft-irtf-icnrg-nrs-requirements-03},
        author =	{Jungha Hong and Taewan You and Yong-Geun Hong and Lijun Dong and Cedric Westphal and Börje Ohlman},
	title =		{{Design Guidelines for Name Resolution Service in ICN}},
	pages =	{19},
	year ={2019},
	month ={November},
	abstract =	{This document discusses the functionalities and design guidelines for Name Resolution Service (NRS) in ICN. The NRS in ICN is to translate an object name into some other information such as a locator, another name, etc. for forwarding the object request.},
}
@misc{dnslib,
 author = {paulc},
 title = {dnslib},
 howpublished = {https://github.com/paulc/dnslib},
 note = {(accessed at 2020-1-28)}
}
@misc{rfc7816,
 author = {S. Bortzmeyer},
 title = {DNS Query Name Minimisation to Improve Privacy},
 series = {RFC},
 note = {RFC7816},
 publisher = {RFC Editor},
 year = {2016},
 month = {March},
 howpublished = {https://www.rfc-editor.org/info/rfc7816}
}
@misc{apt,
 author = {NIST},
 title = {Managing Information Security Risk: Organization, Mission, and Information System View},
 note = {Special Publication (NIST SP) - 800-39},
 year = {2011},
 month = {March},
 howpublished = {https://www.nist.gov/publications/managing-information-security-risk-organization-mission-and-information-system-view}
}
@misc{rfc8094,
 author = {T. Reddy and P. Patil},
 title = {DNS over Datagram Transport Layer Security (DTLS)},
 series = {RFC},
 note = {RFC8094},
 publisher = {RFC Editor},
 year = {2017},
 month = {February},
 howpublished = {https://www.rfc-editor.org/info/rfc8094}
}
@misc{rfc8484,
 author = {P. Hoffman and P. McManus},
 title = {DNS Queries over HTTPS (DoH)},
 series = {RFC},
 note = {RFC8484},
 publisher = {RFC Editor},
 year = {2018},
 month = {October},
 howpublished = {https://www.rfc-editor.org/info/rfc8484}
}
@article{Davoudian,
 author = {Davoudian, Ali and Chen, Liu and Liu, Mengchi},
 title = {A Survey on NoSQL Stores},
 year = {2018},
 publisher = {Association for Computing Machinery},
 address = {New York, NY, USA},
 volume = {51},
 number = {2},
 issn = {0360-0300},
 howpublished = {https://doi.org/10.1145/3158661},
 doi = {10.1145/3158661},
 journal = {ACM Comput. Surv.},
 month = {April},
 pages = {1-43},
 keywords = {replication, partitioning, consistency model, data model, CAP theorem, NoSQL, ACID, elasticity}
}
